% Tron online games
@online{TronGameBasisKostenlosOnline,
  title = {Tron Kostenlos Online Spielen},
  url = {http://www.gamesbasis.com/tron.html},
  urldate = {2020-03-01},
  file = {/Users/phuber/Zotero/storage/GB5ZBP6Y/tron.html}
}

@online{PlayersOnlineXtremeTron,
    title = {7 Players Online - {{XtremeTron}} - {{Online}} Multiplayer Tron Game},
    url = {https://xtremetron.com/},
    urldate = {2020-03-01},
    file = {/Users/phuber/Zotero/storage/72WYJ5EU/xtremetron.com.html}
}

@online{sphinxCyclewarsIoOnline,
    title = {Cyclewars.Io - {{Online}} Multiplayer Light Racer},
    author = {Sphinx, Code},
    url = {http://www.cyclewars.io},
    urldate = {2020-03-01},
    abstract = {Cyclewars.io - Race to create grids with your light-cycle, destroy your enemies and dominate the network!},
    file = {/Users/phuber/Zotero/storage/DL2JTTJH/cyclewars.io.html},
    langid = {english},
    note = {Library Catalog: cyclewars.io}
}

@online{TronLightCyclesEu,
    title = {The {{Tron Light Cycles}} Online Game for Multiplayer.},
    url = {http://www.light-cycles.eu/games/light-cycles-start-menu},
    urldate = {2020-03-01},
    file = {/Users/phuber/Zotero/storage/YZZ27M6H/light-cycles-start-menu.html}
}

% Flash Player
@online{FlashFutureInteractive2017,
    title = {Flash \& {{The Future}} of {{Interactive Content}}},
    date = {2017-07-25T16:00:31+00:00},
    journaltitle = {Adobe Blog},
    url = {https://theblog.adobe.com/adobe-flash-update/},
    urldate = {2020-03-01},
    abstract = {Adobe has long played a leadership role in advancing interactivity and creative content – from video, to games and more – on the web. Where we’ve seen a need to pus...},
    file = {/Users/phuber/Zotero/storage/LII22MZM/adobe-flash-update.pdf},
    langid = {american},
    note = {Library Catalog: theblog.adobe.com}
}

@online{SayingGoodbyeFlash2017,
    title = {Saying Goodbye to {{Flash}} in {{Chrome}}},
    date = {2017-07-25},
    journaltitle = {Google},
    url = {https://blog.google/products/chrome/saying-goodbye-flash-chrome/},
    urldate = {2020-03-01},
    abstract = {As more sites migrate to open web technologies, and following Adobe’s announcement, we will remove Flash support from Chrome in 2020.},
    file = {/Users/phuber/Zotero/storage/M52XMXSL/saying-goodbye-flash-chrome.html},
    keywords = {PSIT3},
    langid = {english},
    note = {Library Catalog: www.blog.google}
}

# moderne Tron 3d action games
@inreference{TronEvolution2020,
    title = {\emph{Tron: }{{\emph{Evolution}}}},
    shorttitle = {\emph{Tron}},
    booktitle = {Wikipedia},
    date = {2020-02-04T02:21:12Z},
    url = {https://en.wikipedia.org/w/index.php?title=Tron:_Evolution&oldid=939056132},
    urldate = {2020-03-01},
    abstract = {Tron: Evolution is a third-person action-adventure video game, the tie-in for the film Tron: Legacy. It was developed by Propaganda Games and published by Disney Interactive. It was announced at the Spike Video Game Awards and was released for Microsoft's Windows  and Xbox 360 platforms, and Sony's PlayStation 3 and PlayStation Portable  platforms.  It was released on November 25, 2010 in Australia, November 26, 2010 in Europe, and December 7, 2010 in North America and Asia. It uses engines from Epic Game's Unreal, and BioWare's Aurora.
    The PC version of this game is no longer play- or installable in October 2019 due to the SecuROM DRM, which stopped providing authentication servers after Disney revoked their service subscription.},
    file = {/Users/phuber/Zotero/storage/F3KZBY8G/index.html},
    langid = {english},
    note = {Page Version ID: 939056132}
}

@online{TRONRUNr,
    title = {TRON RUN/r bei Steam},
    url = {https://store.steampowered.com/app/392000/TRON_RUNr/},
    urldate = {2020-03-01},
    abstract = {Kehre mit TRON RUN/r, dem neuen atemberaubend rasanten und einzigartigen Action-Adventure-Rennspiel in die Welt von TRON zurück! Feile an deinen DISKUS- und RAD-Künsten und fordere dann deine Freunde im aufreibenden STREAM-Programm heraus, das unendliche viele Modi- und Levelkombinationen auf dich einprasseln lässt, bis du kapitulierst -...},
    file = {/Users/phuber/Zotero/storage/4PISSD3R/TRON_RUNr.html},
    langid = {german},
    note = {Library Catalog: store.steampowered.com}
}

% Tron original 1982
@movie{lisbergerTRON1982,
    title = {{{TRON}}},
    editor = {Lisberger, Steven},
    date = {1982-07-09},
    publisher = {{Walt Disney Productions,  Lisberger/Kushner}},
    abstract = {TRON is a movie starring Jeff Bridges, Bruce Boxleitner, and David Warner. A computer hacker is abducted into the digital world and forced to participate in gladiatorial games where his only chance of escape is with the help of a...},
    editora = {Lisberger, Steven and Lisberger, Steven and MacBird, Bonnie and Haas, Charles S. and Bridges, Jeff and Boxleitner, Bruce and Warner, David and Morgan, Cindy},
    editoratype = {scriptwriter},
    editortype = {director},
    keywords = {arcade,computer,computer hacker,computer program,cyberspace},
    note = {Translated title: Tron
    IMDb ID: tt0084827
    event-location: USA},
    type = {Action, Adventure, Sci-Fi}
}

@inreference{TronFilm2020,
    title = {Tron (Film)},
    booktitle = {Wikipedia},
    date = {2020-02-01T22:07:36Z},
    url = {https://de.wikipedia.org/w/index.php?title=Tron_(Film)&oldid=196410939},
    urldate = {2020-03-03},
    abstract = {Tron ist ein US-amerikanischer Spielfilm der Disney-Studios von 1982. Er entstand unter der Regie von Steven Lisberger, der Mitwirkung von Jeff Bridges, Bruce Boxleitner und David Warner in den Hauptrollen und der Musik von Wendy Carlos. 2010 erschien die Fortsetzung Tron: Legacy.},
    file = {/Users/phuber/Zotero/storage/4ETI8NI8/index.html},
    langid = {german},
    note = {Page Version ID: 196410939}
}

% Online advertising
@article{daswani2008online,
    title={Online advertising fraud},
    author={Daswani, Neil and Mysen, Chris and Rao, Vinay and Weis, Stephen and Gharachorloo, Kourosh and Ghosemajumder, Shuman},
    journal={Crimeware: understanding new attacks and defenses},
    volume={40},
    number={2},
    pages={1--28},
    year={2008},
    publisher={Addison-Wesley Professional Indianapolis}
}

%  Online Advertising CPC, CPA, CPM
@online{CPCVsCPA2019,
    title = {{{CPC}} vs {{CPA}} vs {{CPM}} - {{Understanding Online Advertising Price}}},
    date = {2019-01-21T10:10:48+03:00},
    url = {https://blog.bannersnack.com/cost-per-click-thousand-action/},
    urldate = {2020-03-03},
    abstract = {The question is: CPM, CPC or CPA? The answer is - it depends. Firstly it depends on the advertisers' goals and budget. For instance, if the advertiser wants brand awareness along with clicks and has a strong budget, CPM is the right system.},
    file = {/Users/phuber/Zotero/storage/8F2YU9W6/cost-per-click-thousand-action.html},
    langid = {american},
    note = {Library Catalog: blog.bannersnack.com}
}

% online google adsense
@online{GoogleAdSenseEarn,
    title = {Google {{AdSense}} - {{Earn Money From Website Monetization}}},
    journaltitle = {Google AdSense},
    url = {https://www.google.com/adsense/start/},
    urldate = {2020-03-04},
    abstract = {Earn money with website monetization from Google AdSense. We'll optimize your ad sizes to give them more chance to be seen and clicked.},
    file = {/Users/phuber/Zotero/storage/EN5IZ8XA/start.html},
    langid = {english},
    note = {Library Catalog: www.google.com}
}






