@online{NettyPerformancetests,
  title = {Webserver Benchmark: Erlang vs Go vs Java vs NodeJS},
  url = {https://stressgrid.com/blog/webserver_benchmark/},
  urldate = {2020-08-04},
  file = {/Users/phuber/Zotero/storage/GB5ZBP6Y/tron.html}
}